@comment{This file has been generated by Pybliographer}


@Article{simplemig,
  Author         = {Karlsen, Henrik Hoey and Vinter, Brian},
  Title          = {Minimum intrusion {G}rid - {T}he {S}imple {M}odel},
  url            = {http://mig-1.imada.sdu.dk/MiG/Mig/published/papers/ETN05-Simple.pdf},
  year           = 2005
}

@Article{mig,
  Author         = {Vinter, Brian},
  Title          = {The {A}rchitecture of the {M}inimum intrusion {G}rid,
                   {M}i{G}},
  Journal        = {Communicating Process Architectures},
  url            = {http://mig-1.imada.sdu.dk/MiG/Mig/published\_papers/CPA05-Arch.pdf},
  year           = 2005
}

@Misc{sekvenser,
  Author         = {Sloane, N. J. A.},
  Title          = {The {O}n-{L}ine {E}ncyclopedia of {I}nteger
                   {S}equences},
  HowPublished   = {electronically},
  Note           = {Sequences A000170/M1958, A001366, A002562/M0180,
                   A006717/M3005, and A007705/M4691; http://www.research.att.com/~njas/sequences/},
  url            = {http://www.research.att.com/~njas/sequences/}
}

@Article{Zongyan02,
  Author         = {Qiu Zongyan},
  Title          = {Bit-vector encoding of n-queen problem},
  Journal        = {SIGPLAN Not.},
  Volume         = {37},
  Number         = {2},
  Pages          = {68--70},
  address        = {New York, NY, USA},
  doi            = {http://doi.acm.org/10.1145/568600.568613},
  issn           = {0362-1340},
  publisher      = {ACM Press},
  year           = 2002
}

@Article{etsi,
  Author         = {Guillemin, Patrick},
  Title          = {3rd {N} {Q}ueens {ETSI} {P}lugtests {C}ontest -
                   {C}ounting the number of solutions {S}ingle and
                   {D}istributed {P}rogram},
  HowPublished   = {electronically},
  url            = {http://portal.etsi.org/docbox/GRID/Open/GRID%20Plugtests%202006/N-QUEENS-TESTCASE-2006-v2.pdf},
  year           = 2006,
  note           = {Last acessed 2007-6-6}
}

@Misc{EG99,
  Author         = {Gurarin, Eitan},
  Title          = {C{IS} 680: {DATA} {STRUCTURES}},
  HowPublished   = {Web},
  Note           = {Last Acessed Sunday, June 10 2007},
  series         = {Lecture notes in CIS 680: DATA STRUCTURES},
  year           = 1999
}

